@BOOK{Born2019,
	author = {Max Born, Emil Wolf},
	title = {Principles of Optics},
	year = {2019},
	publisher = {Cambridge University Press},
	edition = {60th anniversary},
	place = {London, UK},
	isbn = {978-1-108-47743-7}
}

@BOOK{AbramSteg,
	author = {Milton Abramowitz and Irene A. Stegun},
	title = {Handbook of mathematical functions with Formulas, Graphs and Mathematical Tables},
	publisher = {National Bureau of Standards (DOC), Washington, DC.},
	year = {1964},
	eprint = {10th},
	address = {\url{https://personal.math.ubc.ca/~cbm/aands/}},
}

@BOOK{FeynLect2,
	author = {Richard Feynman},
	title = {The Feynman Lectures on Physics. 2nd volume},
	publisher = {Caltech},
	address = {\url{https://www.feynmanlectures.caltech.edu/II_08.html}},
	chapter = {8.1},
}

@BOOK{Tufte1997,
	author = {Edward R. Tufte},
	title = {Visual Explanations},
	publisher = {Graphics Press},
	year = {1997},
	address = {Cheshire, Connecticut},
	isbn = {0-9613921-2-6}
}

@BOOK{Bringhurst2005,
	author = {Robert Bringhurst},
	title = {The Elements of Typography},
	publisher = {Hartley \& Marks},
	year = {2005},
	edition = {3.1},
	isbn = {0-88179-205-5}
}

@BOOK{Mittelbach2004,
	author = {Frank Mittelbach and Michel Goossens},
	title = {The \LaTeX\ Companion},
	publisher = {Addison--Wesley},
	year = {2004},
	edition = {Second},
	isbn = {0-201-36299-6}
}

@MISC{pkg-geometry,
    author = {Hideo Umeki},
    title = {The \texttt{geometry} package},
    year = {2008},
    month = dec,
    howpublished = {\url{http://ctan.org/pkg/geometry}}
}


